<record><leader>00000cas a2200000 a 4500</leader><controlfield tag="001">13542093</controlfield><controlfield tag="008">860507d1983198ucau x ne      0    0eng d</controlfield><datafield ind1=" " ind2=" " tag="010"><subfield code="a">sn 87012271 </subfield></datafield><datafield ind1=" " ind2=" " tag="040"><subfield code="a">KFS</subfield><subfield code="b">eng</subfield><subfield code="c">KFS</subfield><subfield code="d">NST</subfield><subfield code="d">CNW</subfield><subfield code="d">OCLCQ</subfield><subfield code="d">CUV</subfield><subfield code="d">OCLCQ</subfield><subfield code="d">OCLCF</subfield></datafield><datafield ind1="1" ind2=" " tag="029"><subfield code="a">AU@</subfield><subfield code="b">000025805392</subfield></datafield><datafield ind1=" " ind2=" " tag="042"><subfield code="a">msc</subfield></datafield><datafield ind1=" " ind2=" " tag="043"><subfield code="a">n-us-ca</subfield></datafield><datafield ind1="0" ind2=" " tag="130"><subfield code="a">Direct action (Berkeley, Calif.)</subfield></datafield><datafield ind1="1" ind2="0" tag="245"><subfield code="a">Direct action.</subfield></datafield><datafield ind1=" " ind2=" " tag="260"><subfield code="a">Berkeley, CA :</subfield><subfield code="b">Livermore Action Group,</subfield><subfield code="c">1983-</subfield></datafield><datafield ind1=" " ind2=" " tag="300"><subfield code="a">v. :</subfield><subfield code="b">ill. ;</subfield><subfield code="c">45 cm.</subfield></datafield><datafield ind1=" " ind2=" " tag="310"><subfield code="a">Irregular</subfield></datafield><datafield ind1="0" ind2=" " tag="362"><subfield code="a">Jan. 1983-</subfield></datafield><datafield ind1="1" ind2=" " tag="362"><subfield code="a">Ceased in 1980s?</subfield></datafield><datafield ind1=" " ind2=" " tag="588"><subfield code="a">Latest issue consulted: # 23 (Jan./Feb. 1986).</subfield></datafield><datafield ind1=" " ind2="0" tag="650"><subfield code="a">Antinuclear movement</subfield><subfield code="z">California</subfield><subfield code="v">Newspapers.</subfield></datafield><datafield ind1=" " ind2="0" tag="650"><subfield code="a">Militarism</subfield><subfield code="z">California</subfield><subfield code="v">Newspapers.</subfield></datafield><datafield ind1=" " ind2="0" tag="650"><subfield code="a">Civil disobedience</subfield><subfield code="z">California</subfield><subfield code="v">Newspapers.</subfield></datafield><datafield ind1=" " ind2="7" tag="650"><subfield code="a">Civil disobedience</subfield><subfield code="z">California</subfield><subfield code="x">Periodicals.</subfield><subfield code="2">henn</subfield></datafield><datafield ind1=" " ind2="7" tag="655"><subfield code="a">Newspapers.</subfield><subfield code="2">fast</subfield><subfield code="0">(OCoLC)fst01423814</subfield></datafield><datafield ind1=" " ind2="7" tag="650"><subfield code="a">Antinuclear movement.</subfield><subfield code="2">fast</subfield><subfield code="0">(OCoLC)fst00810626</subfield></datafield><datafield ind1=" " ind2="7" tag="650"><subfield code="a">Civil disobedience.</subfield><subfield code="2">fast</subfield><subfield code="0">(OCoLC)fst00862481</subfield></datafield><datafield ind1=" " ind2="7" tag="650"><subfield code="a">Militarism.</subfield><subfield code="2">fast</subfield><subfield code="0">(OCoLC)fst01020839</subfield></datafield><datafield ind1=" " ind2="7" tag="651"><subfield code="a">California.</subfield><subfield code="2">fast</subfield><subfield code="0">(OCoLC)fst01204928</subfield></datafield><datafield ind1="2" ind2=" " tag="710"><subfield code="a">Livermore Action Group.</subfield></datafield><datafield ind1=" " ind2=" " tag="752"><subfield code="a">United States</subfield><subfield code="b">California</subfield><subfield code="c">Alameda</subfield><subfield code="d">Berkeley.</subfield></datafield><datafield ind1="0" ind2="0" tag="780"><subfield code="t">LAG rag</subfield><subfield code="w">(DLC)sn 92012028</subfield><subfield code="w">(OCoLC)13542126</subfield></datafield><datafield ind1=" " ind2=" " tag="850"><subfield code="a">KU-S</subfield><subfield code="a">NN</subfield></datafield></record>